<record><leader>00000cas a2200000 a 4500</leader><controlfield tag="001">22147084</controlfield><controlfield tag="007">hd afu---buca</controlfield><controlfield tag="008">900726d18471852vtucr nea     0   a0eng c</controlfield><datafield ind1=" " ind2=" " tag="010"><subfield code="a">sn 90039552 </subfield></datafield><datafield ind1=" " ind2=" " tag="040"><subfield code="a">ALM</subfield><subfield code="b">eng</subfield><subfield code="c">ALM</subfield><subfield code="d">OCL</subfield><subfield code="d">HUL</subfield><subfield code="d">OCL</subfield><subfield code="d">ZCU</subfield><subfield code="d">OCLCQ</subfield><subfield code="d">OCLCF</subfield><subfield code="d">OCLCO</subfield></datafield><datafield ind1=" " ind2=" " tag="012"><subfield code="i">9101</subfield></datafield><datafield ind1="1" ind2=" " tag="029"><subfield code="a">AU@</subfield><subfield code="b">000007501603</subfield></datafield><datafield ind1="1" ind2=" " tag="029"><subfield code="a">AU@</subfield><subfield code="b">000020626847</subfield></datafield><datafield ind1=" " ind2=" " tag="042"><subfield code="a">pcc</subfield></datafield><datafield ind1=" " ind2=" " tag="043"><subfield code="a">n-us-vt</subfield></datafield><datafield ind1=" " ind2="4" tag="050"><subfield code="a">AN51.B7</subfield><subfield code="b">S4</subfield></datafield><datafield ind1="0" ind2=" " tag="130"><subfield code="a">Semi-weekly eagle (Brattleboro, Vt. : 1847)</subfield></datafield><datafield ind1="1" ind2="4" tag="245"><subfield code="a">The Semi-weekly eagle</subfield><subfield code="h">[microform].</subfield></datafield><datafield ind1="3" ind2=" " tag="246"><subfield code="a">Semiweekly eagle</subfield></datafield><datafield ind1=" " ind2=" " tag="260"><subfield code="a">Brattleboro, Vt. :</subfield><subfield code="b">B.D. Harris and Wm. B. Hale,</subfield><subfield code="c">1847-1852.</subfield></datafield><datafield ind1=" " ind2=" " tag="300"><subfield code="a">6 v. ;</subfield><subfield code="c">52-54 cm.</subfield></datafield><datafield ind1=" " ind2=" " tag="310"><subfield code="a">Semiweekly</subfield></datafield><datafield ind1="0" ind2=" " tag="362"><subfield code="a">Vol. 1, no, 1 (Aug. 10, 1847)-v. 6, no. 33 (Dec. 9, 1852).</subfield></datafield><datafield ind1=" " ind2=" " tag="500"><subfield code="a">Publishers: Harris &amp; Hale &lt;1848&gt;-1849; Harris &amp; Co., 1849-1851; White &amp; Bowles, 1851; Cummings &amp; Prouty, 1852.</subfield></datafield><datafield ind1=" " ind2=" " tag="500"><subfield code="a">Editors: B.D. Harris &lt;1848&gt;-1851; P.H. White, 1851; C. Cummings, 1852.</subfield></datafield><datafield ind1=" " ind2=" " tag="515"><subfield code="a">Issue for Jan. 2, 1851 misdated Jan. 2, 1850.</subfield></datafield><datafield ind1=" " ind2=" " tag="533"><subfield code="a">Microfilm.</subfield><subfield code="m">1847-1852.</subfield><subfield code="b">New Canaan, Ct. :</subfield><subfield code="c">Readex,</subfield><subfield code="d">[1990?].</subfield><subfield code="e">3 microfilm reels ; 35 mm.</subfield><subfield code="f">(Early American newspapers).</subfield></datafield><datafield ind1=" " ind2="0" tag="651"><subfield code="a">Brattleboro (Vt.)</subfield><subfield code="v">Newspapers.</subfield></datafield><datafield ind1=" " ind2="0" tag="651"><subfield code="a">Windham County (Vt.)</subfield><subfield code="v">Newspapers.</subfield></datafield><datafield ind1=" " ind2="7" tag="655"><subfield code="a">Newspapers.</subfield><subfield code="2">fast</subfield><subfield code="0">(OCoLC)fst01423814</subfield></datafield><datafield ind1=" " ind2="7" tag="651"><subfield code="a">Vermont</subfield><subfield code="z">Brattleboro.</subfield><subfield code="2">fast</subfield><subfield code="0">(OCoLC)fst01225010</subfield></datafield><datafield ind1=" " ind2="7" tag="651"><subfield code="a">Vermont</subfield><subfield code="z">Windham County.</subfield><subfield code="2">fast</subfield><subfield code="0">(OCoLC)fst01225039</subfield></datafield><datafield ind1=" " ind2=" " tag="752"><subfield code="a">United States</subfield><subfield code="b">Vermont</subfield><subfield code="c">Windham</subfield><subfield code="d">Brattleboro.</subfield></datafield><datafield ind1="1" ind2=" " tag="776"><subfield code="c">Original</subfield><subfield code="w">(DLC)sn 84022721</subfield><subfield code="w">(OCoLC)10552328</subfield></datafield><datafield ind1="0" ind2="0" tag="785"><subfield code="t">Brattleboro' eagle</subfield></datafield><datafield ind1=" " ind2="0" tag="830"><subfield code="a">Early American newspapers.</subfield></datafield><datafield ind1=" " ind2=" " tag="850"><subfield code="a">MH</subfield></datafield></record>